@book{yan2009linear,
  title={Linear regression analysis: theory and computing},
  author={Yan, Xin and Su, Xiaogang},
  year={2009},
  publisher={World Scientific}
}

@article{hoffmann2021linear,
  title={Linear Regression Models: Applications in R},
  author={Hoffmann, John P},
  year={2021},
  publisher={Chapman and Hall/CRC}
}

@book{andrade2019econometria,
  title={Econometria na pr{\'a}tica},
  author={Andrade, Cl{\'a}udia S{\'a} Malbouisson and Tiryaki, Gisele Ferreira},
  year={2019},
  publisher={Alta Books Editora}
}

@book{gujarati2011econometria,
  title={Econometria b{\'a}sica-5},
  author={Gujarati, Damodar N and Porter, Dawn C},
  year={2011},
  publisher={Amgh Editora}
}


@article{wallis1972testing,
  title={Testing for fourth order autocorrelation in quarterly regression equations},
  author={Wallis, Kenneth F},
  journal={Econometrica: Journal of the Econometric Society},
  pages={617--636},
  year={1972},
  publisher={JSTOR}
}

@article{godfrey1978testing,
  title={Testing for higher order serial correlation in regression equations when the regressors include lagged dependent variables},
  author={Godfrey, Leslie G},
  journal={Econometrica: Journal of the Econometric Society},
  pages={1303--1310},
  year={1978},
  publisher={JSTOR}
}

@techreport{ljung1978measure,
  title={On a measure of lack of fit in time series models. Biometrika, 65},
  author={Ljung, G and Box, G},
  year={1978},
  institution={Retrieved 2019-03-15, from https://www. researchgate. net/publication~â€¦}
}

@article{galton1886family,
  title={I. Family likeness in stature},
  author={Galton, Francis},
  journal={Proceedings of the Royal Society of London},
  volume={40},
  number={242-245},
  pages={42--73},
  year={1886},
  publisher={The Royal Society London}
}

@book{angrist2008mostly,
  title={Mostly harmless econometrics},
  author={Angrist, Joshua D and Pischke, J{\"o}rn-Steffen},
  year={2008},
  publisher={Princeton university press}
}

@article{team2013r,
  title={R: A language and environment for statistical computing},
  author={Team, R Core and others},
  year={2013},
  publisher={Vienna, Austria}
}

@article{jarque1987test,
  title={A test for normality of observations and regression residuals},
  author={Jarque, Carlos M and Bera, Anil K},
  journal={International Statistical Review/Revue Internationale de Statistique},
  pages={163--172},
  year={1987},
  publisher={JSTOR}
}

@article{yazici2007comparison,
  title={A comparison of various tests of normality},
  author={Yazici, Berna and Yolacan, Senay},
  journal={Journal of Statistical Computation and Simulation},
  volume={77},
  number={2},
  pages={175--183},
  year={2007},
  publisher={Taylor \& Francis}
}

@article{anderson1954test,
  title={A test of goodness of fit},
  author={Anderson, Theodore W and Darling, Donald A},
  journal={Journal of the American statistical association},
  volume={49},
  number={268},
  pages={765--769},
  year={1954},
  publisher={Taylor \& Francis}
}

@article{shapiro1965analysis,
  title={An analysis of variance test for normality (complete samples)},
  author={Shapiro, Samuel Sanford and Wilk, Martin B},
  journal={Biometrika},
  volume={52},
  number={3/4},
  pages={591--611},
  year={1965},
  publisher={JSTOR}
}

@incollection{durbin1992testing,
  title={Testing for serial correlation in least squares regression. I},
  author={Durbin, James and Watson, Geoffrey S},
  booktitle={Breakthroughs in Statistics},
  pages={237--259},
  year={1992},
  publisher={Springer}
}

@article{akaike1974new,
  title={A new look at the statistical model identification},
  author={Akaike, Hirotugu},
  journal={IEEE transactions on automatic control},
  volume={19},
  number={6},
  pages={716--723},
  year={1974},
  publisher={Ieee}
}

@article{schwarz1978estimating,
  title={Estimating the dimension of a model},
  author={Schwarz, Gideon},
  journal={The annals of statistics},
  pages={461--464},
  year={1978},
  publisher={JSTOR}
}

@article{spiegelhalter2002bayesian,
  title={Bayesian measures of model complexity and fit},
  author={Spiegelhalter, David J and Best, Nicola G and Carlin, Bradley P and Van Der Linde, Angelika},
  journal={Journal of the royal statistical society: Series b (statistical methodology)},
  volume={64},
  number={4},
  pages={583--639},
  year={2002},
  publisher={Wiley Online Library}
}

@article{claeskens2003focused,
  title={The focused information criterion},
  author={Claeskens, Gerda and Hjort, Nils Lid},
  journal={Journal of the American Statistical Association},
  volume={98},
  number={464},
  pages={900--916},
  year={2003},
  publisher={Taylor \& Francis}
}

@article{watanabe2013widely,
  title={A widely applicable Bayesian information criterion},
  author={Watanabe, Sumio},
  journal={Journal of Machine Learning Research},
  volume={14},
  number={Mar},
  pages={867--897},
  year={2013}
}

@article{hannan1979determination,
  title={The determination of the order of an autoregression},
  author={Hannan, Edward J and Quinn, Barry G},
  journal={Journal of the Royal Statistical Society: Series B (Methodological)},
  volume={41},
  number={2},
  pages={190--195},
  year={1979},
  publisher={Wiley Online Library}
}

@article{mallows2000some,
  title={Some comments on Cp},
  author={Mallows, Colin L},
  journal={Technometrics},
  volume={42},
  number={1},
  pages={87--94},
  year={2000},
  publisher={Taylor \& Francis}
}

@book{allen1971prediction,
  title={The prediction sum of squares as a criterion for selecting predictor variables},
  author={Allen, David M},
  year={1971},
  publisher={University of Kentucky}
}